<?xml version="1.0" encoding="UTF-8"?><collection xmlns="http://www.loc.gov/MARC21/slim"><record><leader>00438nam--2200133-i-4500</leader><controlfield tag="001">000033803</controlfield><controlfield tag="002">20161230</controlfield><controlfield tag="005">20161230201039</controlfield><controlfield tag="008">060222s1000------------r-----000-0-eng-d</controlfield><datafield ind1=" " ind2=" " tag="080"><subfield code="a">621.375.826(043)</subfield></datafield><datafield ind1=" " ind2=" " tag="100"><subfield code="a">Nemes, George</subfield></datafield><datafield ind1=" " ind2=" " tag="245"><subfield code="a">Contributii la analiza si sinteza sistemelor optice cu simetrie redusa si la caracterzarea, propagarea si transformarea fascicolelor laser. teza</subfield></datafield><datafield ind1=" " ind2=" " tag="260"><subfield code="a">Bucuresti, Ifa, 1998. 123p</subfield></datafield><datafield ind1=" " ind2=" " tag="852"><subfield code="a">80935</subfield></datafield></record></collection>